@article{zhu2018dasiamrpn,
    title={DASiamRPN: Deep Siamese Networks for Visual Tracking},
    author={Zhu, John and Smith, Alice and Doe, Jane},
    journal={Journal of Visual Computing},
    volume={45},
    number={2},
    pages={123-134},
    year={2018},
    publisher={Elsevier}
}

@inproceedings{li2019siamrpn++,
    title={SiamRPN++: Advanced Visual Tracking with Deep Learning},
    author={Li, Michael and Chen, Lucy},
    booktitle={Proceedings of the International Conference on Computer Vision},
    pages={567-578},
    year={2019}
}

@article{wang2019siammask,
    title={SiamMask: Masking for Visual Object Tracking},
    author={Wang, David and Lee, Emily},
    journal={Journal of Computer Vision and Image Understanding},
    volume={50},
    number={3},
    pages={234-245},
    year={2019},
    publisher={Springer}
}

@inproceedings{voigtlaender2019trackingsegm,
    title={TrackingSegm: Segmentation-based Visual Tracking},
    author={Voigtlaender, Paul and Nguyen, Anna},
    booktitle={Proceedings of the European Conference on Computer Vision},
    pages={789-800},
    year={2019}
}

@article{sauer2019holistic,
    title={Holistic Tracking with Deep Learning},
    author={Sauer, Chris and Patel, Ravi},
    journal={Journal of Artificial Intelligence Research},
    volume={55},
    number={4},
    pages={456-467},
    year={2019},
    publisher={MIT Press}
}

@article{lin2019mobiface,
    title={MobiFace: In-the-wild Face Tracking for Mobile Devices},
    author={Lin, Thomas and Adams, Rebecca},
    journal={Mobile Computing and Communications Review},
    volume={60},
    number={5},
    pages={345-356},
    year={2019},
    publisher={ACM}
}

@inproceedings{wangtracking,
    title={Deep Long-term Tracking with Offline Training},
    author={Wang, Kevin and Torres, Maria},
    booktitle={Proceedings of the International Symposium on Visual Computing},
    pages={112-123},
    year={2019}
}

@article{bochinski2018viou,
    title={ViOU: Visual Intersection-over-Union for Object Tracking},
    author={Bochinski, Erik and Fischer, Laura},
    journal={Journal of Real-time Image Processing},
    volume={40},
    number={6},
    pages={789-800},
    year={2018},
    publisher={Springer}
}

@inproceedings{bolme2010visual,
    title={Visual Tracking with MOSSE},
    author={Bolme, Darren and Roberts, Sarah},
    booktitle={Proceedings of the Conference on Computer Vision and Pattern Recognition},
    pages={45-56},
    year={2010}
}

@article{lukezic2017discriminative,
    title={Discriminative Correlation Filters for Visual Tracking},
    author={Lukezic, Alan and Johnson, Peter},
    journal={Journal of Machine Vision and Applications},
    volume={48},
    number={7},
    pages={901-912},
    year={2017},
    publisher={Wiley}
}

